@book{StabilityAndConvergence,
	title     = {Stability and convergence of mechanical systems with unilateral constraints},
	author    = {{R.I.} Leine and N. van de Wouw},
	year      = {2008},
	language  = {English},
	isbn      = {978-3-540-76974-3},
	series    = {Lecture notes in applied and computational mechanics},
	publisher = {Springer-Verlag Berlin Heidelberg},
	address   = {Germany},
}